@misc{iprs,
    title={InterPlanetary Record Store},
    url={https://github.com/libp2p/interface-record-store},
    note = "[Online; accessed October 17, 2017]"
}

@misc{ipns,
    title={The Inter-Planetary Naming System},
    url={https://github.com/ipfs/examples/tree/master/examples/ipns},
    note = "[Online; accessed October 13, 2017]"
}

@misc{ipfs-whitepaper,
    title={IPFS - Content Addressed, Versioned, P2P File System},
    url={https://ipfs.io/ipfs/QmR7GSQM93Cx5eAg6a6yRzNde1FQv7uL6X1o4k7zrJa3LX/ipfs.draft3.pdf},
    note = "[Online; accessed October 13, 2017]"
}

@misc{bitswap,
    title={Bitswap},
    url={https://github.com/ipfs/go-ipfs/tree/master/exchange/bitswap},
    note = "[Online; accessed  October 13, 2017]"
}

@misc{ipfs-github,
    title={IPFS - The Permanent Web},
    url={https://github.com/ipfs/ipfs/},
    note = "[Online; accessed October 11, 2017]"
}

@misc{multiaddr,
    title={The network address multiformat},
    url={https://github.com/multiformats/multiaddr},
    note = "[Online; accessed October 11, 2017]"
}

@misc{multihash,
    title={Self describing hashes - for future proofing},
    url={https://github.com/multiformats/multihash},
    note = "[Online; accessed October 11, 2017]"
}

@misc{http-obsolete,
    title={HTTP is obsolete. It's time for the distributed, permanent web},
    url={https://ipfs.io/ipfs/QmNhFJjGcMPqpuYfxL62VVB9528NXqDNMFXiqN5bgFYiZ1/its-time-for-the-permanent-web.html},
    note = "[Online; accessed October 11, 2017]"
}

@misc{ico-vs-venture,
    title={ICOs vs Venture Capital},
    url={http://fingfx.thomsonreuters.com/gfx/rngs/USA-VENTURECAPITAL-DIGITALCURRENCY/0100502J05M/index.html},
    note = "[Online; accessed September 28, 2017]"
}

@misc{devcon2,
    title={DEVCON2},
    url={https://ethereumfoundation.org/devcon2/},
    note = "[Online; accessed September 28, 2017]"
}

@misc{saft-agreement,
    title={Simple Agreement for Future Tokens},
    url={https://coinlist.co/static/media/Protocol\%20Labs\%20-\%20SAFT\%20for\%20Filecoin\%20Token\%20Presale.6ddb6fb6.pdf},
    note = "[Online; accessed September 25, 2017]"
}

@misc{angellist,
    title={AngelList},
    url={https://angel.co/},
    note = "[Online; accessed September 22, 2017]"
}

@misc{coinlist,
    title={CoinList},
    url={https://coinlist.co/},
    note = "[Online; accessed September 22, 2017]"
}

@misc{regulation-506,
    title={Rule 506 of Regulation D},
    url={https://www.sec.gov/fast-answers/answers-rule506htm.html},
    note = "[Online; accessed September 22, 2017]"
}

@misc{tribler,
    title={Tribler Project},
    url={https://www.tribler.org/},
    note = "[Online; accessed September 22, 2017]"
}

@misc{tribler-hurdles,
    title={Tribler Issue: blockchain-regulated markets},
    url={https://github.com/Tribler/tribler/issues/2559\#issuecomment-307353664},
    note = "[Online; accessed September 22, 2017]"
}

@misc{filecoin,
    title={FileCoin},
    url={https://filecoin.io/filecoin.pdf},
    note = "[Online; accessed September 20, 2017]"
}

@misc{filecoin-io,
    title={FileCoin Website},
    url={https://filecoin.io/},
    note = "[Online; accessed September 20, 2017]"
}

@misc{filecoin-investor-faq,
    title={Filecoin Investor FAQ},
    url={https://ipfs.io/ipfs/QmWdXyhqHJWJut5wt\\4gSCueTjSnFyDHBy3SRfmcqArtz1a/2017-08-08-Filecoin-Investor-FAQ.html},
    note = "[Online; accessed September 28, 2017]"
}

@misc{podcast,
    title={Podcast - Juan Benet},
    url={https://a16z.com/2017/09/14/networks-protocols-labs-tokens/},
    note = "[Online; accessed September 28, 2017]"
}

@misc{erc20,
    title={ERC-20 token standard},
    url={https://github.com/ethereum/EIPs/blob/master/EIPS/eip-20-token-standard.md},
    note = "[Online; accessed September 28, 2017]"
}

@misc{airbnb-valuation,
    title={Airbnb statistics and facts},
    url={https://expandedramblings.com/index.php/airbnb-statistics/},
    note = "[Online; accessed September 28, 2017]"
}

@misc{housing-cnbc,
    title={Airbnb just closed a \$1 billion round and became profitable in 2016},
    url={https://www.cnbc.com/2017/03/09/airbnb-closes-1-billion-round-31-billion-valuation-profitable.html},
    note = "[Online; accessed September 28, 2017]"
}

@misc{home-prices,
    title={U.S. Home Sellers in March 2016 Realized Highest Home Price Gains Since December 2007},
    url={http://www.realtytrac.com/news/home-prices-and-sales/march-q1-2016-home-sales-report/},
    note = "[Online; accessed September 28, 2017]"
}

@misc{hard-drive,
    title={Hard Drive Cost Per Gigabyte},
    url={https://www.backblaze.com/blog/hard-drive-cost-per-gigabyte/},
    note = "[Online; accessed September 28, 2017]"
}

@misc{dropbox-userdata,
    title={Scaling to exabytes and beyond},
    url={https://blogs.dropbox.com/tech/2016/03/magic-pocket-infrastructure/},
    note = "[Online; accessed September 28, 2017]"
}

@misc{airbnb,
    title={Airbnb},
    url={https://airbnb.com},
    note = "[Online; accessed September 20, 2017]"
}

@misc{dropbox,
    title={Dropbox},
    url={https://dropbox.com},
    note = "[Online; accessed September 20, 2017]"
}

@misc{ico-analysis,
    title={Filecoin ICO analysis},
    url={https://hacked.com/ico-analysis-filecoin/},
    note = "[Online; accessed September 20, 2017]"
}

@misc{filecoin-pft,
    title={Power Fault Tolerance},
    url={https://filecoin.io/power-fault-tolerance.pdf},
    note = "[Online; accessed October 31, 2017]"
}

@misc{ponzi,
    title={Ponzi Scheme},
    url={https://www.sec.gov/fast-answers/answersponzihtm.html},
    note = "[Online; accessed November 05, 2017]"
}

@misc{libp2p-github,
    title={libp2p: Modular peer-to-peer networking stack},
    url={ https://github.com/libp2p/specs},
    note = "[Online; accessed October 31, 2017]"
}

@misc{amazon-s3,
    title={Amazon S3},
    url={ https://aws.amazon.com/s3/},
    note = "[Online; accessed September 28, 2017]"
}

@misc{token-sale,
    title={Filecoin Token Sale Economics},
    url={ https://coinlist.co/static/media/Filecoin-Sale-Economics.0ae9a53f.pdf },
    note = "[Online; accessed September 25, 2017]"
}

@misc{maidsafe,
    title={MaidSafe.net announces project SAFE to the community},
    url={ https://github.com/maidsafe/Whitepapers/blob/master/Project-Safe.md },
    note = "[Online; accessed September 22, 2017]"
}

@inproceedings{dsht,
  title={Sloppy hashing and self-organizing clusters},
  author={Freedman, Michael J and Mazieres, David},
  booktitle={International Workshop on Peer-to-Peer Systems},
  pages={45--55},
  year={2003},
  organization={Springer}
}

@inproceedings{bittorrent,
  title={Incentives build robustness in BitTorrent},
  author={Cohen, Bram},
  booktitle={Workshop on Economics of Peer-to-Peer systems},
  volume={6},
  pages={68--72},
  year={2003}
}

@inproceedings{kademlia,
  title={S/kademlia: A practicable approach towards secure key-based routing},
  author={Baumgart, Ingmar and Mies, Sebastian},
  booktitle={Parallel and Distributed Systems, 2007 International Conference on},
  pages={1--8},
  year={2007},
  organization={IEEE}
}

@inproceedings{coral,
  title={Democratizing Content Publication with Coral.},
  author={Freedman, Michael J and Freudenthal, Eric and Mazieres, David},
  booktitle={NSDI},
  volume={4},
  pages={18--18},
  year={2004}
}

@article{ice-nat,
  title={Interactive connectivity establishment (ice): A methodology for network address translator (nat) traversal for offer/answer protocols},
  author={Rosenberg, Jonathan},
  year={2010}
}

@article{broken-links,
  title={Broken links: The ephemeral nature of educational WWW hyperlinks},
  author={Markwell, John and Brooks, David W},
  journal={Journal of Science Education and Technology},
  volume={11},
  number={2},
  pages={105--108},
  year={2002},
  publisher={Springer}
}

@article{http-rfc,
  title={RFC 2616: Hypertext Transfer Protocol--HTTP/1.1},
  author={Network Working Group and others},
  journal={R. Fielding, J. Gettys, J. Mogul, H. Frystyk, L. Masinter, P. Leach, T. Berners-Lee},
  year={1999}
}

@article{ethereum,
  title={Ethereum: A secure decentralised generalised transaction ledger},
  author={Wood, Gavin},
  journal={Ethereum Project Yellow Paper},
  volume={151},
  year={2014}
}

@misc{bitcoin,
  title={Bitcoin: A peer-to-peer electronic cash system},
  author={Nakamoto, Satoshi},
  year={2008}
}

@article{bubble,
  title={Speculative bubbles, crashes and rational expectations},
  author={Blanchard, Olivier Jean},
  journal={Economics letters},
  volume={3},
  number={4},
  pages={387--389},
  year={1979},
  publisher={Elsevier}
}

@article{pyramid-scheme,
  title={A probability model of a pyramid scheme},
  author={Gastwirth, Joseph L},
  journal={The American Statistician},
  volume={31},
  number={2},
  pages={79--82},
  year={1977},
  publisher={Taylor \& Francis}
}

@article{storj,
  title={Storj a peer-to-peer cloud storage network},
  author={Wilkinson, Shawn and Boshevski, Tome and Brandoff, Josh and Buterin, Vitalik},
  year={2014},
  publisher={Citeseer}
}

@article{sia,
  title={Sia: Simple Decentralized Storage},
  author={Vorick, David and Champine, Luke},
  year={2014}
}

@inproceedings{consistent-hashing,
  title={Consistent hashing and random trees: Distributed caching protocols for relieving hot spots on the World Wide Web},
  author={Karger, David and Lehman, Eric and Leighton, Tom and Panigrahy, Rina and Levine, Matthew and Lewin, Daniel},
  booktitle={Proceedings of the twenty-ninth annual ACM symposium on Theory of computing},
  pages={654--663},
  year={1997},
  organization={ACM}
}

@article{mojo-nation,
  title={Experiences deploying a large-scale emergent network},
  author={Wilcox-O’Hearn, Bryce},
  journal={Peer-to-Peer Systems},
  pages={104--110},
  year={2002},
  publisher={Springer}
}

@inproceedings{peer-to-peer-xor,
  title={Kademlia: A peer-to-peer information system based on the xor metric},
  author={Maymounkov, Petar and Mazieres, David},
  booktitle={International Workshop on Peer-to-Peer Systems},
  pages={53--65},
  year={2002},
  organization={Springer}
}

@article{lightning,
  title={The bitcoin lightning network: Scalable off-chain instant payments},
  author={Poon, Joseph and Dryja, Thaddeus},
  journal={Technical Report (draft)},
  year={2015}
}

@inproceedings{proof-storage,
  title={Cryptographic Cloud Storage.},
  author={Kamara, Seny and Lauter, Kristin E and others},
  booktitle={Financial Cryptography Workshops},
  volume={6054},
  pages={136--149},
  year={2010},
  organization={Springer}
}

@inproceedings{proof-possession,
  title={Provable data possession at untrusted stores},
  author={Ateniese, Giuseppe and Burns, Randal and Curtmola, Reza and Herring, Joseph and Kissner, Lea and Peterson, Zachary and Song, Dawn},
  booktitle={Proceedings of the 14th ACM conference on Computer and communications security},
  pages={598--609},
  year={2007},
  organization={Acm}
}

@inproceedings{proof-retrievability,
  title={Compact proofs of retrievability.},
  author={Shacham, Hovav and Waters, Brent},
  booktitle={Asiacrypt},
  volume={5350},
  pages={90--107},
  year={2008},
  organization={Springer}
}

@inproceedings{zcash,
  title={Zerocash: Decentralized anonymous payments from bitcoin},
  author={Sasson, Eli Ben and Chiesa, Alessandro and Garman, Christina and Green, Matthew and Miers, Ian and Tromer, Eran and Virza, Madars},
  booktitle={Security and Privacy (SP), 2014 IEEE Symposium on},
  pages={459--474},
  year={2014},
  organization={IEEE}
}